% Encoding: UTF-8

@InProceedings{bwhpc2019:janczyk_bwforcluster,
  author         = {Janczyk, Michael and von Suchodoletz, Dirk and Wiebelt, Bernd},
  title          = {bwForCluster NEMO},
  booktitle      = {Proceedings of the 5th bwHPC Symposium},
  date           = {2019},
  editor         = {Janczyk, Michael and von Suchodoletz, Dirk and Wiebelt, Bernd},
  subtitle       = {Forschungscluster für die Wissenschaft},
  booksubtitle   = {HPC Activities in Baden-Württemberg},
  booktitleaddon = {Freiburg, September 2018},
  eventtitle     = {5th bwHPC Symposium},
  publisher      = {{TLP, Tübingen}},
  pages          = {29--50},
  doi            = {10.15496/publikation-29041},
  abstract       = {In den ersten zweieinhalb Jahren seiner Betriebszeit entwickelte sich
der bwForCluster NEMO zu einem signifikanten Baustein in den landesweiten
Forschungsinfrastrukturen für das »High Performance Computing«. Der in
der Zwischenzeit erhebliche Ausbau und die Erweiterung des Systems durch
Shareholder ist ein Beleg für die Tragfähigkeit seines Betriebsmodells
und das Vertrauen in das landesweite HPC-Konzept. Hierzu steuert nicht
nur die lokale und landesweite Governance bei, sondern ebenfalls der enge
Austausch innerhalb der NEMOCommunity. Mit dem System wird eine stabile
Umgebung für die diversen Bedürfnisse der Wissenschafts-Communitys
bereitgestellt. Parallel dazu werden neue Betriebs- und Monitoring-Konzepte
entwickelt und getestet. Aktuelle und neuartige Herausforderungen liegen in der
Unterstützung von »Virtualisierten Forschungsumgebungen« und zukünftigen
digitalen Workflows ebenso wie in der Containerisierung und der Implementierung
effektiver Betriebsmodelle gemeinsam mit den am Standort Freiburg betriebenen
Cloud-Infrastrukturen.},
  keywords       = {High Performance Computing, HPC, HPC Governance, Virtualisierte Forschungsumgebungen, Fairshare Scheduling},
}

@Comment{jabref-meta: databaseType:biblatex;}
